%% Place TeX-style references in this file.

@Book{xie2015,
  title = {Dynamic Documents with {R} and knitr},
  author = {Yihui Xie},
  publisher = {Chapman and Hall/CRC},
  address = {Boca Raton, Florida},
  year = {2015},
  edition = {2nd},
  note = {ISBN 978-1498716963},
  url = {http://yihui.name/knitr/},
}

@TechReport{kitchenham2007,
  author      = {Kitchenham},
  title       = {Guidelines for performing Systematic Literature Reviews in Software Engineering},
  institution = {Keele University; University of Durham},
  year        = {2007},
}

@incollection{fagan2002design,
  title={Design and code inspections to reduce errors in program development},
  author={Fagan, Michael},
  booktitle={Software pioneers},
  pages={575--607},
  year={2002},
  publisher={Springer}
}

@inproceedings{bacchelli2013expectations,
  title={Expectations, outcomes, and challenges of modern code review},
  author={Bacchelli, Alberto and Bird, Christian},
  booktitle={Proceedings of the 2013 international conference on software engineering},
  pages={712--721},
  year={2013},
  organization={IEEE Press}
}

@inproceedings{beller2014modern,
  title={Modern code reviews in open-source projects: Which problems do they fix?},
  author={Beller, Moritz and Bacchelli, Alberto and Zaidman, Andy and Juergens, Elmar},
  booktitle={Proceedings of the 11th working conference on mining software repositories},
  pages={202--211},
  year={2014},
  organization={ACM}
}

@inproceedings{gousios2014exploratory,
  title={An exploratory study of the pull-based software development model},
  author={Gousios, Georgios and Pinzger, Martin and Deursen, Arie van},
  booktitle={Proceedings of the 36th International Conference on Software Engineering},
  pages={345--355},
  year={2014},
  organization={ACM}
}

@inproceedings{mcintosh2014impact,
  title={The impact of code review coverage and code review participation on software quality: A case study of the qt, vtk, and itk projects},
  author={McIntosh, Shane and Kamei, Yasutaka and Adams, Bram and Hassan, Ahmed E},
  booktitle={Proceedings of the 11th Working Conference on Mining Software Repositories},
  pages={192--201},
  year={2014},
  organization={ACM}
}

@inproceedings{bird2015lessons,
  title={Lessons learned from building and deploying a code review analytics platform},
  author={Bird, Christian and Carnahan, Trevor and Greiler, Michaela},
  booktitle={Proceedings of the 12th Working Conference on Mining Software Repositories},
  pages={191--201},
  year={2015},
  organization={IEEE Press}
}

@inproceedings{czerwonka2015code,
  title={Code reviews do not find bugs: how the current code review best practice slows us down},
  author={Czerwonka, Jacek and Greiler, Michaela and Tilford, Jack},
  booktitle={Proceedings of the 37th International Conference on Software Engineering-Volume 2},
  pages={27--28},
  year={2015},
  organization={IEEE Press}
}

@inproceedings{baysal2013influence,
  title={The influence of non-technical factors on code review},
  author={Baysal, Olga and Kononenko, Oleksii and Holmes, Reid and Godfrey, Michael W},
  booktitle={Reverse Engineering (WCRE), 2013 20th Working Conference on},
  pages={122--131},
  year={2013},
  organization={IEEE}
}

@inproceedings{thongtanunam2015should,
  title={Who should review my code? A file location-based code-reviewer recommendation approach for modern code review},
  author={Thongtanunam, Patanamon and Tantithamthavorn, Chakkrit and Kula, Raula Gaikovina and Yoshida, Norihiro and Iida, Hajimu and Matsumoto, Ken-ichi},
  booktitle={Software Analysis, Evolution and Reengineering (SANER), 2015 IEEE 22nd International Conference on},
  pages={141--150},
  year={2015},
  organization={IEEE}
}

@inproceedings{xia2015should,
  title={Who should review this change?: Putting text and file location analyses together for more accurate recommendations},
  author={Xia, Xin and Lo, David and Wang, Xinyu and Yang, Xiaohu},
  booktitle={Software Maintenance and Evolution (ICSME), 2015 IEEE International Conference on},
  pages={261--270},
  year={2015},
  organization={IEEE}
}

@article{zanjani2016automatically,
  title={Automatically recommending peer reviewers in modern code review},
  author={Zanjani, Motahareh Bahrami and Kagdi, Huzefa and Bird, Christian},
  journal={IEEE Transactions on Software Engineering},
  volume={42},
  number={6},
  pages={530--543},
  year={2016},
  publisher={IEEE}
}

@inproceedings{thongtanunam2016revisiting,
  title={Revisiting code ownership and its relationship with software quality in the scope of modern code review},
  author={Thongtanunam, Patanamon and McIntosh, Shane and Hassan, Ahmed E and Iida, Hajimu},
  booktitle={Proceedings of the 38th international conference on software engineering},
  pages={1039--1050},
  year={2016},
  organization={ACM}
}

@article{baysal2016investigating,
  title={Investigating technical and non-technical factors influencing modern code review},
  author={Baysal, Olga and Kononenko, Oleksii and Holmes, Reid and Godfrey, Michael W},
  journal={Empirical Software Engineering},
  volume={21},
  number={3},
  pages={932--959},
  year={2016},
  publisher={Springer}
}

@inproceedings{baysal2013influence,
  title={The influence of non-technical factors on code review},
  author={Baysal, Olga and Kononenko, Oleksii and Holmes, Reid and Godfrey, Michael W},
  booktitle={Reverse Engineering (WCRE), 2013 20th Working Conference on},
  pages={122--131},
  year={2013},
  organization={IEEE}
}

@inproceedings{czerwonka2015code,
  title={Code reviews do not find bugs: how the current code review best practice slows us down},
  author={Czerwonka, Jacek and Greiler, Michaela and Tilford, Jack},
  booktitle={Proceedings of the 37th International Conference on Software Engineering-Volume 2},
  pages={27--28},
  year={2015},
  organization={IEEE Press}
}

@inproceedings{bosu2013impact,
  title={Impact of peer code review on peer impression formation: A survey},
  author={Bosu, Amiangshu and Carver, Jeffrey C},
  booktitle={Empirical Software Engineering and Measurement, 2013 ACM/IEEE International Symposium on},
  pages={133--142},
  year={2013},
  organization={IEEE}
}

@inproceedings{bosu2013impact,
  title={Impact of peer code review on peer impression formation: A survey},
  author={Bosu, Amiangshu and Carver, Jeffrey C},
  booktitle={Empirical Software Engineering and Measurement, 2013 ACM/IEEE International Symposium on},
  pages={133--142},
  year={2013},
  organization={IEEE}
}

@inproceedings{baum2017choice,
  title={The choice of code review process: A survey on the state of the practice},
  author={Baum, Tobias and Le{\ss}mann, Hendrik and Schneider, Kurt},
  booktitle={International Conference on Product-Focused Software Process Improvement},
  pages={111--127},
  year={2017},
  organization={Springer}
}

@article{ciolkowski2003software,
  title={Software reviews: The state of the practice},
  author={Ciolkowski, Marcus and Laitenberger, Oliver and Biffl, Stefan},
  journal={IEEE software},
  number={6},
  pages={46--51},
  year={2003},
  publisher={IEEE}
}

@inproceedings{baum2016faceted,
  title={A faceted classification scheme for change-based industrial code review processes},
  author={Baum, Tobias and Liskin, Olga and Niklas, Kai and Schneider, Kurt},
  booktitle={Software Quality, Reliability and Security (QRS), 2016 IEEE International Conference on},
  pages={74--85},
  year={2016},
  organization={IEEE}
}
